@inproceedings{Ferrari2015AmbiguityKnowledge,
    title = {{Ambiguity as a resource to disclose tacit knowledge}},
    year = {2015},
    booktitle = {2015 IEEE 23rd International Requirements Engineering Conference (RE)},
    author = {Ferrari, Alessio and Spoletini, Paola and Gnesi, Stefania},
    month = {8},
    pages = {26--35},
    publisher = {IEEE},
    url = {http://ieeexplore.ieee.org/document/7320405/},
    isbn = {978-1-4673-6905-3},
    doi = {10.1109/RE.2015.7320405}
}